@inproceedings{Lam:1991,
 author = {Lam, Monica D. and Rothberg, Edward E. and Wolf, Michael E.},
 title = {The Cache Performance and Optimizations of Blocked Algorithms},
 booktitle = {Proceedings of the Fourth International Conference on Architectural Support for Programming Languages and Operating Systems},
 series = {ASPLOS IV},
 year = {1991},
 isbn = {0-89791-380-9},
 location = {Santa Clara, California, USA},
 pages = {63--74},
 numpages = {12},
 url = {http://doi.acm.org/10.1145/106972.106981},
 doi = {10.1145/106972.106981},
 acmid = {106981},
 publisher = {ACM},
 address = {New York, NY, USA},
} 

@inproceedings{Beaugnon:2014,
 author = {Beaugnon, Ulysse and Kravets, Alexey and van Haastregt, Sven and Baghdadi, Riyadh and Tweed, David and Absar, Javed and Lokhmotov, Anton},
 title = {{VOBLA}: A Vehicle for Optimized Basic Linear Algebra},
 booktitle = {Proceedings of the 2014 SIGPLAN/SIGBED Conference on Languages, Compilers and Tools for Embedded Systems},
 series = {LCTES '14},
 year = {2014},
 isbn = {978-1-4503-2877-7},
 location = {Edinburgh, United Kingdom},
 pages = {115--124},
 numpages = {10},
 url = {http://doi.acm.org/10.1145/2597809.2597818},
 doi = {10.1145/2597809.2597818},
 acmid = {2597818},
 publisher = {ACM},
 address = {New York, NY, USA},
 keywords = {blas, domain-specific language, gpu, linear algebra, parallel, sparse matrix},
}

@inproceedings{Steuwer:2015,
 author = {Steuwer, Michel and Fensch, Christian and Lindley, Sam and Dubach, Christophe},
 title = {Generating Performance Portable Code Using Rewrite Rules: From High-level Functional Expressions to High-performance OpenCL Code},
 booktitle = {Proceedings of the 20th ACM SIGPLAN International Conference on Functional Programming},
 series = {ICFP 2015},
 year = {2015},
 isbn = {978-1-4503-3669-7},
 location = {Vancouver, BC, Canada},
 pages = {205--217},
 numpages = {13},
 url = {http://doi.acm.org/10.1145/2784731.2784754},
 doi = {10.1145/2784731.2784754},
 acmid = {2784754},
 publisher = {ACM},
 address = {New York, NY, USA},
 keywords = {Algorithmic patterns, GPU, OpenCL, code generation, performance portability, rewrite rules},
} 
